@software{Jocher_YOLO_by_Ultralytics_2023,
  author  = {Jocher, Glenn and Chaurasia, Ayush and Qiu, Jing},
  license = {AGPL-3.0},
  month   = jan,
  title   = {{YOLO by Ultralytics}},
  url     = {https://github.com/ultralytics/ultralytics},
  version = {8.0.0},
  year    = {2023}
}

@misc{lin2015microsoft,
  title         = {Microsoft COCO: Common Objects in Context},
  author        = {Tsung-Yi Lin and Michael Maire and Serge Belongie and Lubomir Bourdev and Ross Girshick and James Hays and Pietro Perona and Deva Ramanan and C. Lawrence Zitnick and Piotr Doll√°r},
  year          = {2015},
  eprint        = {1405.0312},
  archiveprefix = {arXiv},
  primaryclass  = {cs.CV}
}

@misc{redmon2016look,
  title         = {You Only Look Once: Unified, Real-Time Object Detection},
  author        = {Joseph Redmon and Santosh Divvala and Ross Girshick and Ali Farhadi},
  year          = {2016},
  eprint        = {1506.02640},
  archiveprefix = {arXiv},
  primaryclass  = {cs.CV}
}